@article{goldwasser1989knowledge,
  title={The knowledge complexity of interactive proof systems},
  author={Goldwasser, Shafi and Micali, Silvio and Rackoff, Charles},
  journal={SIAM Journal on computing},
  volume={18},
  number={1},
  pages={186--208},
  year={1989},
  publisher={SIAM}
}

@INPROCEEDINGS{impagliazzo,
author={R. {Impagliazzo}},
booktitle={Proceedings of Structure in Complexity Theory. Tenth Annual IEEE Conference},
title={A personal view of average-case complexity},
year={1995},
volume={},
number={},
pages={134-147},
keywords={computational complexity;cryptography;average-case complexity;structural theory;formal setting;input types;difficult problem;NP-complete problem;hard problems;cryptography;Computer science;Drives;Distributed computing;Cryptography;Complexity theory;Bibliographies},
doi={10.1109/SCT.1995.514853},
ISSN={},
month={June},}

@article{goldreich1991proofs,
  title={Proofs that yield nothing but their validity or all languages in NP have zero-knowledge proof systems},
  author={Goldreich, Oded and Micali, Silvio and Wigderson, Avi},
  journal={Journal of the ACM (JACM)},
  volume={38},
  number={3},
  pages={690--728},
  year={1991},
  publisher={ACM}
}

@book{hofstadter1979godel,
  title={G{\"o}del, Escher, Bach: an eternal golden braid},
  author={Hofstadter, Douglas R and others},
  volume={20},
  year={1979},
  publisher={Basic books New York}
}

@article{shannon1949communication,
  title={Communication theory of secrecy systems},
  author={Shannon, Claude E},
  journal={Bell system technical journal},
  volume={28},
  number={4},
  pages={656--715},
  year={1949},
  publisher={Wiley Online Library}
}

@article{turing1937computable,
  title={On computable numbers, with an application to the Entscheidungsproblem},
  author={Turing, Alan Mathison},
  journal={Proceedings of the London mathematical society},
  volume={2},
  number={1},
  pages={230--265},
  year={1937},
  publisher={Wiley Online Library}
}

@book{arora2009computational,
  title={Computational complexity: a modern approach},
  author={Arora, Sanjeev and Barak, Boaz},
  year={2009},
  publisher={Cambridge University Press}
}

@article{jaffe2006millennium,
  title={The millennium grand challenge in mathematics},
  author={Jaffe, Arthur M},
  journal={Notices of the AMS},
  volume={53},
  number={6},
  year={2006}
}

@inproceedings{cook1971complexity,
  title={The complexity of theorem-proving procedures},
  author={Cook, Stephen A},
  booktitle={Proceedings of the third annual ACM symposium on Theory of computing},
  pages={151--158},
  year={1971},
  organization={ACM}
}

@incollection{karp1972reducibility,
  title={Reducibility among combinatorial problems},
  author={Karp, Richard M},
  booktitle={Complexity of computer computations},
  pages={85--103},
  year={1972},
  publisher={Springer}
}

@inproceedings{quisquater1989explain,
  title={How to explain zero-knowledge protocols to your children},
  author={Quisquater, Jean-Jacques and Quisquater, Myriam and Quisquater, Muriel and Quisquater, Micha{\"e}l and Guillou, Louis and Guillou, Marie Annick and Guillou, Ga{\"\i}d and Guillou, Anna and Guillou, Gwenol{\'e} and Guillou, Soazig},
  booktitle={Conference on the Theory and Application of Cryptology},
  pages={628--631},
  year={1989},
  organization={Springer}
}

@misc{medicine, title={ChemIDplus - 0000302272 - XFSBVAOIAHNAPC-NPVHKAFCSA-N - Aconitine [USP] - Similar structures search, synonyms, formulas, resource links, and other chemical information.}, url={https://chem.nlm.nih.gov/chemidplus/sid/0000302272}, journal={U.S. National Library of Medicine}, publisher={National Institutes of Health}}